@inproceedings{BohlenJS95,
  author    = {Michael H. B{\"{o}}hlen and
               Christian S. Jensen and
               Richard T. Snodgrass},
  title     = {Evaluating the Completeness of {TSQL2}},
  booktitle = {Temporal Databases},
  series    = {Workshops in Computing},
  pages     = {153--172},
  xpublisher = {Springer},
  year      = {1995}
}

@book{Snodgrass95,
  editor    = {Richard T. Snodgrass},
  title     = {The {TSQL2} Temporal Query Language},
  xpublisher = {Kluwer},
  year      = {1995}
}

@TECHREPORT{Bohlen95evaluatingand,
    author = {Michael H. B{\"{o}}hlen and Christian S. Jensen and Richard T. Snodgrass},
    title = {Evaluating and Enhancing the Completeness of TSQL2},
    institution = {Computer Science Department, University of Arizona},
    year = {1995},
    number = {TR 95-5},
}

@article{LorentzosM97,
  author    = {Nikos A. Lorentzos and
               Yannis G. Mitsopoulos},
  title     = {{SQL} Extension for Interval Data},
  journal   = {{IEEE} Trans. Knowl. Data Eng.},
  volume    = {9},
  number    = {3},
  pages     = {480--499},
  year      = {1997}
}

@inproceedings{BohlenBJ98,
  author    = {Michael H. B{\"{o}}hlen and
               Renato Busatto and
               Christian S. Jensen},
  title     = {Point-Versus Interval-Based Temporal Data Models},
  booktitle = {{ICDE}},
  pages     = {192--200},
  xpublisher = {{IEEE} Computer Society},
  year      = {1998}
}

@article{BohlenJS00,
  author    = {Michael H. B{\"{o}}hlen and
               Christian S. Jensen and
               Richard T. Snodgrass},
  title     = {Temporal statement modifiers},
  journal   = {{ACM} Trans. Database Syst.},
  volume    = {25},
  number    = {4},
  pages     = {407--456},
  year      = {2000}
}

@article{BowmanT03,
  author    = {Ivan T. Bowman and
               David Toman},
  title     = {Optimizing temporal queries: efficient handling of duplicates},
  journal   = {Data Knowl. Eng.},
  volume    = {44},
  number    = {2},
  pages     = {143--164},
  year      = {2003}
}

@article{ViqueiraL07,
  author    = {Jose Ramon Rios Viqueira and
               Nikos A. Lorentzos},
  title     = {{SQL} extension for spatio-temporal data},
  journal   = {{VLDB} J.},
  volume    = {16},
  number    = {2},
  pages     = {179--200},
  year      = {2007}
}

@inproceedings{CombiMP07,
  author    = {Carlo Combi and
               Angelo Montanari and
               Giuseppe Pozzi},
  title     = {The t4sql temporal query language},
  booktitle = {{CIKM}},
  pages     = {193--202},
  xpublisher = {{ACM}},
  year      = {2007}
}

@article{DyllaMT13,
  author    = {Maximilian Dylla and
               Iris Miliaraki and
               Martin Theobald},
  title     = {A Temporal-Probabilistic Database Model for Information Extraction},
  journal   = {{PVLDB}},
  volume    = {6},
  number    = {14},
  pages     = {1810--1821},
  year      = {2013}
}

@inproceedings{PapaioannouB16,
  author    = {Katerina Papaioannou and
               Michael H. B{\"{o}}hlen},
  title     = {TemProRA: Top-k temporal-probabilistic results analysis},
  booktitle = {{ICDE}},
  pages     = {1382--1385},
  xpublisher = {{IEEE} Computer Society},
  year      = {2016}
}

@inproceedings{DignosBG12,
  author    = {Anton Dign{\"{o}}s and
               Michael H. B{\"{o}}hlen and
               Johann Gamper},
  title     = {Temporal alignment},
  booktitle = {{SIGMOD}},
  pages     = {433--444},
  xpublisher = {{ACM}},
  year      = {2012}
}

@article{DignosBGJ16,
  author    = {Anton Dign{\"{o}}s and
               Michael H. B{\"{o}}hlen and
               Johann Gamper and
               Christian S. Jensen},
  title     = {Extending the Kernel of a Relational {DBMS} with Comprehensive Support
               for Sequenced Temporal Queries},
  journal   = {{ACM} Trans. Database Syst.},
  volume    = {41},
  number    = {4},
  pages     = {26:1--26:46},
  year      = {2016}
}

@inproceedings{ZhouWZ06,
  author    = {Xin Zhou and
               Fusheng Wang and
               Carlo Zaniolo},
  title     = {Efficient Temporal Coalescing Query Support in Relational Database
               Systems},
  booktitle = {{DEXA}},
  xseries    = {Lecture Notes in Computer Science},
  xvolume    = {4080},
  pages     = {676--686},
  xpublisher = {Springer},
  year      = {2006}
}

@article{DBLP:journals/tods/Snodgrass87,
  author    = {Richard T. Snodgrass},
  title     = {The Temporal Query Language TQuel},
  journal   = {{ACM} Trans. Database Syst.},
  volume    = {12},
  number    = {2},
  pages     = {247--298},
  year      = {1987}
}


@inproceedings{T96,
	Author = {Toman, David},
	Booktitle = {PODS},
	Pages = {58--67},
	Title = {Point vs. interval-based query languages for temporal databases},
	Year = {1996}}

@incollection{T98,
	Author = {Toman, David},
	Booktitle = {Temporal databases: research and practice},
	Pages = {211--237},
	xpublisher = {Springer},
	Title = {Point-based temporal extensions of {SQL} and their efficient implementation},
	Year = {1998}}

@inproceedings{KB12,
  author    = {Egor V. Kostylev and
               Peter Buneman},
  title     = {Combining dependent annotations for relational algebra},
  booktitle = {{ICDT}},
  pages     = {196--207},
  xpublisher = {{ACM}},
  year      = {2012}
}

@inproceedings{GK07,
  author    = {Todd J. Green and
               Gregory Karvounarakis and
               Val Tannen},
  title     = {Provenance semirings},
  booktitle = {{PODS}},
  pages     = {31--40},
  xpublisher = {{ACM}},
  year      = {2007}
}

@conference{AD11a,
	Author = {Yael Amsterdamer and Daniel Deutch and Val Tannen},
	Booktitle = {TaPP},
	Title = {On the Limitations of Provenance for Queries with Difference},
	Year = {2011}}


@article{GP10,
	Author = {Geerts, F. and Poggi, A.},
	Journal = {Journal of Applied Logic},
	Number = {2},
	Pages = {173--185},
	Title = {{On database query languages for K-relations}},
	Volume = {8},
	Year = {2010}}

@inproceedings{DBLP:conf/vldb/BohlenSS96,
  author    = {Michael H. B{\"{o}}hlen and
               Richard T. Snodgrass and
               Michael D. Soo},
  title     = {Coalescing in Temporal Databases},
  booktitle = {{VLDB}},
  pages     = {180--191},
  xpublisher = {Morgan Kaufmann},
  year      = {1996}
}

@inproceedings{DBLP:conf/time/DyresonRS15,
  author    = {Curtis E. Dyreson and
               Venkata A. Rani and
               Amani Shatnawi},
  title     = {Unifying Sequenced and Non-sequenced Semantics},
  booktitle = {{TIME}},
  pages     = {38--46},
  xpublisher = {{IEEE} Computer Society},
  year      = {2015}
}

@phdthesis{S98,
	Author = {Steiner, Andreas},
	School = {ETH Zurich},
	Title = {A generalisation approach to temporal data models and their implementations},
	Year = {1998}}

@article{CafagnaB17,
  author    = {Francesco Cafagna and
               Michael H. B{\"{o}}hlen},
  title     = {Disjoint interval partitioning},
  journal   = {{VLDB} J.},
  volume    = {26},
  number    = {3},
  pages     = {447--466},
  year      = {2017}
}

@inproceedings{GY88,
  author    = {Shashi K. Gadia and
               Chuen{-}Sing Yeung},
  title     = {A Generalized Model for a Relational Temporal Database},
  booktitle = {{SIGMOD}},
  pages     = {251--259},
  xpublisher = {{ACM} Press},
  year      = {1988}
}

@incollection{SJ95,
	Author = {Soo, Michael D and Jensen, Christian S and Snodgrass, Richard T},
	Booktitle = {The TSQL2 temporal query language},
	Pages = {505--546},
	xpublisher = {Springer},
	Title = {An algebra for TSQL2},
	Year = {1995}}

@misc{teradata1510,
  author       = {Teradata},
  title        = {Teradata Database - Temporal Table Support},
  howpublished = {\url{http://www.info.teradata.com/download.cfm?ItemID=1006923}},
  day          = 3,
  month        = {Jun},
  year         = 2015
}

@Misc{SaraccoNG2012,
 author =   {Cynthia Saracco and Matthias Nicola and Lenisha Gandhi},
  title =    {A matter of time: Temporal data management in DB2 10},
  howpublished = {\url{http://www.ibm.com/developerworks/data/library/techarticle/dm-1204db2temporaldata/dm-1204db2temporaldata-pdf.pdf}},
  year =     2012
 }

 @Misc{MSSQL16,
 author = {Microsoft},
 title = {{SQL} {Server} 2016 - Temporal Tables},
 howpublished = {\url{https://docs.microsoft.com/en-us/sql/relational-databases/tables/temporal-tables}},
 year = 2016
 }

 @Misc{PGSQLRT,
  author =   {{PostgreSQL}},
   title =    {Documentation manual PostgreSQL - range types},
   howpublished = {\url{https://www.postgresql.org/docs/current/static/rangetypes.html}},
   year =     2012
  }

@article{KulkarniM12,
  author    = {Krishna G. Kulkarni and
               Jan{-}Eike Michels},
  title     = {Temporal features in {SQL:} 2011},
  journal   = {{SIGMOD} Record},
  volume    = {41},
  number    = {3},
  pages     = {34--43},
  year      = {2012}
}

 @Misc{ORA16,
 author = {Oracle},
 title = {Database Development Guide - Temporal Validity Support},
 howpublished = {\url{https://docs.oracle.com/database/121/ADFNS/adfns_design.htm\#ADFNS967}},
 year = 2016
 }


@inproceedings{DBLP:conf/edbt/Al-KatebGCBCP13,
  author    = {Mohammed Al{-}Kateb and
               Ahmad Ghazal and
               Alain Crolotte and
               Ramesh Bhashyam and
               Jaiprakash Chimanchode and
               Sai Pavan Pakala},
  title     = {Temporal query processing in {Teradata}},
  booktitle = {{EDBT}},
  pages     = {573--578},
  xpublisher = {{ACM}},
  year      = {2013}
}

@inproceedings{AD11d,
  author    = {Yael Amsterdamer and
               Daniel Deutch and
               Val Tannen},
  title     = {Provenance for aggregate queries},
  booktitle = {{PODS}},
  pages     = {153--164},
  xpublisher = {{ACM}},
  year      = {2011}
}

@incollection{DBLP:reference/db/JensenS09w,
  author    = {Christian S. Jensen and
               Richard T. Snodgrass},
  title     = {Timeslice Operator},
  booktitle = {Encyclopedia of Database Systems},
  pages     = {3120--3121},
  xpublisher = {Springer {US}},
  year      = {2009}
}

@incollection{DBLP:reference/db/JensenS09r,
  author    = {Christian S. Jensen and
               Richard T. Snodgrass},
  title     = {Temporal Query Languages},
  booktitle = {Encyclopedia of Database Systems},
  pages     = {3009--3012},
  xpublisher = {Springer {US}},
  year      = {2009}
}

@incollection{DBLP:reference/db/BohlenGJS09,
  author    = {Michael H. B{\"{o}}hlen and
               Johann Gamper and
               Christian S. Jensen and
               Richard T. Snodgrass},
  title     = {SQL-Based Temporal Query Languages},
  booktitle = {Encyclopedia of Database Systems},
  pages     = {2762--2768},
  xpublisher = {Springer {US}},
  year      = {2009}
}

@incollection{DBLP:reference/db/Sirangelo09c,
  author    = {Cristina Sirangelo},
  title     = {Positive Relational Algebra},
  booktitle = {Encyclopedia of Database Systems},
  pages     = {2124--2125},
  xpublisher = {Springer {US}},
  year      = {2009}
}

@article{DBLP:journals/sigmod/SnodgrassAABCDEGJKKKLLRSSS94,
  author    = {Richard T. Snodgrass and
               Ilsoo Ahn and
               Gad Ariav and
               Don S. Batory and
               James Clifford and
               Curtis E. Dyreson and
               Ramez Elmasri and
               Fabio Grandi and
               Christian S. Jensen and
               Wolfgang K{\"{a}}fer and
               Nick Kline and
               Krishna G. Kulkarni and
               T. Y. Cliff Leung and
               Nikos A. Lorentzos and
               John F. Roddick and
               Arie Segev and
               Michael D. Soo and
               Suryanarayana M. Sripada},
  title     = {{TSQL2} Language Specification},
  journal   = {{SIGMOD} Record},
  volume    = {23},
  number    = {1},
  pages     = {65--86},
  year      = {1994}
}

@incollection{DBLP:reference/db/BohlenJ09,
  author    = {Michael H. B{\"{o}}hlen and
               Christian S. Jensen},
  title     = {Sequenced Semantics},
  booktitle = {Encyclopedia of Database Systems},
  pages     = {2619--2621},
  xpublisher = {Springer {US}},
  year      = {2009}
}

@inproceedings{DBLP:conf/sigmod/DignosBG14,
  author    = {Anton Dign{\"{o}}s and
               Michael H. B{\"{o}}hlen and
               Johann Gamper},
  title     = {Overlap interval partition join},
  booktitle = {{SIGMOD}},
  pages     = {1459--1470},
  xpublisher = {{ACM}},
  year      = {2014}
}

@inproceedings{DBLP:conf/icde/PiatovHD16,
  author    = {Danila Piatov and
               Sven Helmer and
               Anton Dign{\"{o}}s},
  title     = {An interval join optimized for modern hardware},
  booktitle = {{ICDE}},
  pages     = {1098--1109},
  xpublisher = {{IEEE} Computer Society},
  year      = {2016}
}

@article{DBLP:journals/pvldb/BourosM17,
  author    = {Panagiotis Bouros and
               Nikos Mamoulis},
  title     = {A Forward Scan based Plane Sweep Algorithm for Parallel Interval Joins},
  journal   = {{PVLDB}},
  volume    = {10},
  number    = {11},
  pages     = {1346--1357},
  year      = {2017}
}

@inproceedings{DBLP:conf/edbt/BohlenGJ06,
  author    = {Michael H. B{\"{o}}hlen and
               Johann Gamper and
               Christian S. Jensen},
  title     = {Multi-dimensional Aggregation for Temporal Data},
  booktitle = {{EDBT}},
  xseries    = {Lecture Notes in Computer Science},
  xvolume    = {3896},
  pages     = {257--275},
  xpublisher = {Springer},
  year      = {2006}
}

@inproceedings{DBLP:conf/sigmod/PilmanKKKP16,
  author    = {Markus Pilman and
               Martin Kaufmann and
               Florian K{\"{o}}hl and
               Donald Kossmann and
               Damien Profeta},
  title     = {ParTime: Parallel Temporal Aggregation},
  booktitle = {{SIGMOD}},
  pages     = {999--1010},
  xpublisher = {{ACM}},
  year      = {2016}
}

@inproceedings{DBLP:conf/ssd/PiatovH17,
  author    = {Danila Piatov and
               Sven Helmer},
  title     = {Sweeping-Based Temporal Aggregation},
  booktitle = {{SSTD}},
  xseries    = {Lecture Notes in Computer Science},
  xvolume    = {10411},
  pages     = {125--144},
  xpublisher = {Springer},
  year      = {2017}
}

@inproceedings{DBLP:conf/sigmod/KaufmannMVFKFM13,
  author    = {Martin Kaufmann and
               Amin Amiri Manjili and
               Panagiotis Vagenas and
               Peter M. Fischer and
               Donald Kossmann and
               Franz F{\"{a}}rber and
               Norman May},
  title     = {Timeline index: a unified data structure for processing queries on
               temporal data in {SAP} {HANA}},
  booktitle = {{SIGMOD}},
  pages     = {1173--1184},
  xpublisher = {{ACM}},
  year      = {2013}
}

@incollection{DBLP:reference/db/JensenS09j,
  author    = {Christian S. Jensen and
               Richard T. Snodgrass},
  title     = {Snapshot Equivalence},
  booktitle = {Encyclopedia of Database Systems},
  pages     = {2659},
  xpublisher = {Springer {US}},
  year      = {2009}
}

@incollection{GM13,
	Author = {Boris Glavic and Miller, Ren{\'e}e J and Alonso, Gustavo},
	Booktitle = {In search of elegance in the theory and practice of computation: a Festschrift in honour of Peter Buneman},
	Date-Added = {2013-07-09 22:54:03 +0000},
	Date-Modified = {2014-09-04 14:01:17 +0000},
	Pages = {291--320},
	xpublisher = {Springer},
	Title = {Using {SQL} for Efficient Generation and Querying of Provenance Information},
	Year = {2013}
	}


@article{CC09,
	Author = {Cheney, James and Chiticariu, Laura and Tan, Wang-Chiew},
	Journal = {Foundations and Trends in Databases},
	Number = {4},
	Pages = {379--474},
	Title = {{Provenance in Databases: Why, How, and Where}},
	Volume = {1},
	Year = {2009}}


@inproceedings{DT10,
	xAddress = {Heidelberg, Germany},
	Author = {Das Sarma, Anish and Theobald, Martin and Widom, Jennifer},
	Booktitle = {SSDBM},
	Pages = {416--433},
	Title = {LIVE: A Lineage-Supported Versioned DBMS},
	Year = 2010}

@techreport{DG18,
   Author = {Anton Dign{\"{o}}s and Boris Glavic and Xing Niu and
               Michael H. B{\"{o}}hlen and
               Johann Gamper},
	Institution = {\url{https://arxiv.org/pdf/1902.04938}},
	Number = {CoRR},
	Title = {Snapshot Semantics for Temporal Multiset Relations (extended version)},
	Year = {2019}}


@misc{tpc-h,
   Author = {Transaction Processing Performance Council},
  Title = {{TPC Benchmark\texttrademark H (Decision Support) Standard Specification Revision 1.17.3}},
  Url = {http://www.tpc.org/tpc_documents_current_versions/pdf/tpc-h_v2.17.3.pdf},
  Year = {2017},
}

@article{SB96,
	Author = {Snodgrass, Richard T and B{\"o}hlen, Michael H and Jensen, Christian S and Steiner, Andreas},
	Journal = {ANSI X3H2-96-501r2, ISO/IEC JTC},
	Title = {Adding valid time to SQL/temporal},
	Volume = {1},
	Year = {1996}}


@inproceedings{G09,
	Author = {Todd J. Green},
	Booktitle = {ICDT},
	Pages = {296--309},
	Title = {{Containment of Conjunctive Queries on Annotated Relations}},
	Year = {2009}}

@inproceedings{DBLP:conf/tpctc/KaufmannFMTK13,
  author    = {Martin Kaufmann and
               Peter M. Fischer and
               Norman May and
               Andreas Tonder and
               Donald Kossmann},
  title     = {TPC-BiH: {A} Benchmark for Bitemporal Databases},
  booktitle = {TPCTC},
  pages     = {16--31},
  year      = {2013}
}

@proceedings{DBLP:conf/tpctc/2013,
  editor    = {Raghunath Nambiar and
               Meikel Poess},
  title     = {Performance Characterization and Benchmarking - 5th {TPC} Technology
               Conference, {TPCTC} 2013, Trento, Italy, August 26, 2013, Revised
               Selected Papers},
  series    = {Lecture Notes in Computer Science},
  volume    = {8391},
  publisher = {Springer},
  year      = {2014},
  url       = {https://doi.org/10.1007/978-3-319-04936-6},
  doi       = {10.1007/978-3-319-04936-6},
  isbn      = {978-3-319-04935-9},
  timestamp = {Tue, 23 May 2017 01:12:14 +0200},
  biburl    = {https://dblp.org/rec/bib/conf/tpctc/2013},
  bibsource = {dblp computer science bibliography, https://dblp.org}
}

@inproceedings{DBLP:conf/dexa/Al-KatebGC12,
  author    = {Mohammed Al{-}Kateb and
               Ahmad Ghazal and
               Alain Crolotte},
  title     = {An Efficient {SQL} Rewrite Approach for Temporal Coalescing in the
               Teradata {RDBMS}},
  booktitle = {DEXA},
  pages     = {375--383},
  year      = {2012}
}

@proceedings{DBLP:conf/dexa/2012-2,
  editor    = {Stephen W. Liddle and
               Klaus{-}Dieter Schewe and
               A Min Tjoa and
               Xiaofang Zhou},
  title     = {Database and Expert Systems Applications - 23rd International Conference,
               {DEXA} 2012, Vienna, Austria, September 3-6, 2012. Proceedings, Part
               {II}},
  series    = {Lecture Notes in Computer Science},
  volume    = {7447},
  publisher = {Springer},
  year      = {2012},
  url       = {https://doi.org/10.1007/978-3-642-32597-7},
  doi       = {10.1007/978-3-642-32597-7},
  isbn      = {978-3-642-32596-0},
  timestamp = {Fri, 26 May 2017 00:48:22 +0200},
  biburl    = {https://dblp.org/rec/bib/conf/dexa/2012-2},
  bibsource = {dblp computer science bibliography, https://dblp.org}
}

@book{Snodgrass99,
  author    = {Richard T. Snodgrass},
  title     = {Developing Time-Oriented Database Applications in {SQL}},
  publisher = {Morgan Kaufmann},
  year      = {1999},
  url       = {http://www.mkp.com/books\_catalog/1-55860-436-7.asp},
  isbn      = {1-55860-436-7},
  timestamp = {Thu, 14 Sep 2017 11:58:52 +0200},
  biburl    = {https://dblp.org/rec/bib/books/mk/Snodgrass99},
  bibsource = {dblp computer science bibliography, https://dblp.org}
}

@article{DBLP:journals/is/Koubarakis94,
  author    = {Manolis Koubarakis},
  title     = {Database models for infinite and indefinite temporal information},
  journal   = {Inf. Syst.},
  volume    = {19},
  number    = {2},
  pages     = {141--173},
  year      = {1994},
  url       = {https://doi.org/10.1016/0306-4379(94)90008-6},
  doi       = {10.1016/0306-4379(94)90008-6},
  timestamp = {Sat, 20 May 2017 00:24:07 +0200},
  biburl    = {https://dblp.org/rec/bib/journals/is/Koubarakis94},
  bibsource = {dblp computer science bibliography, https://dblp.org}
}
